@article{Ecarnot2015,
  author = {Ecarnot, F., Seronde, M-F},
  title = {Writing a scientific article: A step-by-step guide for beginners},
  journal = {European Geriatric Medicine},
  volume = {6},
  pages = {573-579},
  year = {2015}
}

@article{Senturia2003,
  author = {Senturia, S. D.},
  title = {How to Avoid the Reviewer’s Axe},
  journal = {Journal of Micro Electro Mechanical Systems},
  pages = {1--7},
  year = {2003}
}

@article{Lapin1994,
  author = {Lapin, G.D.},
  title = {How to write a winning scientific paper},
  journal = {Engineering in medicine and biology},
  pages = {584--585},
  year = {1994}
}

@booklet{Persson2020,
  author = {Persson, J.},
  title = {Å skrive laboratoriejournal},
  address = {NTNU},
  year = {2020}
}

@booklet{Persson2020FY1001,
  author = {Persson, J.},
  title = {Laboratorium i emne FY1001 Mekanisk Fysikk},
  address = {NTNU},
  year = {2020}
}

@misc{WikiGDP,
  author = "Wikipedia contributors",
  title = "Good documentation practice --- {Wikipedia}{,} The Free Encyclopedia",
  year = "2020",
  howpublished = "\url{https://en.wikipedia.org/w/index.php?title=Good_documentation_practice&oldid=962188497}",
  note = "[Online; accessed 18-October-2020]"
}

@book{Davani2017,
  author = {Davani, B.},
  title = {Pharmaceutical Analysis for Small Molecules},
  publisher = {J. Wiley and Sons},
  year = {2017}
}

@booklet{OECD1997,
  author = {OECD},
  title = {OECD Principles of Good Laboratory Practice},
  year = {1998}
}
